%Este trabalho está licenciado sob a Licença Atribuição-CompartilhaIgual 4.0 Internacional Creative Commons. Para visualizar uma cópia desta licença, visite http://creativecommons.org/licenses/by-sa/4.0/deed.pt_BR ou mande uma carta para Creative Commons, PO Box 1866, Mountain View, CA 94042, USA.

%Bibtex format

@Book{Mello2011a,
  author = 	 {D.A. de Mello and R.G. Watanabe},
  title = 	 {Vetores e uma iniciaç\~ao à geometria anal\'itica},
  publisher = 	 {Livraria da Física},
  edition =      {2.},
  year = 	 {2011}
}
